@article{Turchin:2006,
	author = {Turchin, Peter and Adams, Jonathan M. and Hall, Thomas D.},
	title = {East-West Orientation of Historical Empires},
	journal = {Journal of World-Systems Research},
	year = {2006},
	pages = {222},
	issn = {1076-156X},
	note = {[The Qing dynasty is referred to as ``China - Manchu'']}
}

@inbook{Rowe:2012,
	author = {Rowe, William T.},
	year = {2012},
	title = {China's Last Empire: The Great Qing (History of Imperial China)},
	publisher = {Belknap Press},
	pages = {1},
	isbn = {978-0674066243}
}

@inbook{Maddison:2007,
	author = {Maddison, Angus},
	year = {2007},
	title = {Contours of the World Economy 1-2030 AD: Essays in Macro-Economic History},
	publisher = {Oxford University Press},
	pages = {379},
	isbn = {978-0199227204}
}

@inbook{Jowett:2013,
	author = {Philip S. Jowett},
	title = {China's Wars: Rousing the Dragon, 1894-1949},
	publisher = {Osprey Publishing},
	location = {Oxford},
	year = {2013},
	pages = {24},
	isbn = {978-1472806734}
}

@inbook{Janin:1999,
	author = {Hunt Janin},
	title = {The India-China Opium Trade in the Nineteenth Century},
	pages = {207},
	publisher = {McFarland},
	year = {1999},
	isbn = {978-0786407156}
}

@book{Fenby:2013,
	author = {Jonathan Fenby},
	title = {The Penguin History of Modern China: The Fall and Rise of a Great Power, 1850 to the Present},
	publisher = {Penguin Publishing},
	year = {2013},
	isbn = {978-0141975153},
	edition = {2}
}

@online{Mitchell:2008,
	author = {Dr. Stuart Mitchell},
	title = {The Boxer Rebellion: The West and the Rebels},
	note = {[On-line; accessed \nth{13} July, 2019]},
	year = {2008},
	url = {https://www.open.edu/openlearn/history-the-arts/history/world-history/the-boxer-rebellion-the-west-and-the-rebels}
}

@inbook{Gardener:2016,
	author = {Hall Gardener},
	title = {The Failure to Prevent World War I: The Unexpected Armageddon},
	year = {2016},
	publisher = {Routledge},
	isbn = {978-1317032175},
	pages = {127}
}
